<record><leader>00000cas a22000007a 4500</leader><controlfield tag="001">12573944</controlfield><controlfield tag="008">850919d19021903iaudn ne      0    0eng d</controlfield><datafield ind1=" " ind2=" " tag="010"><subfield code="a">sn 85049779 </subfield></datafield><datafield ind1=" " ind2=" " tag="040"><subfield code="a">INP</subfield><subfield code="b">eng</subfield><subfield code="c">INP</subfield><subfield code="d">OCLCQ</subfield></datafield><datafield ind1=" " ind2=" " tag="042"><subfield code="a">msc</subfield></datafield><datafield ind1="0" ind2=" " tag="130"><subfield code="a">Newton daily herald (Newton, Iowa)</subfield></datafield><datafield ind1="1" ind2="0" tag="245"><subfield code="a">Newton daily herald.</subfield></datafield><datafield ind1=" " ind2=" " tag="260"><subfield code="a">Newton, Iowa :</subfield><subfield code="b">Rinehart &amp; Boyden,</subfield><subfield code="c">1902-1903.</subfield></datafield><datafield ind1=" " ind2=" " tag="300"><subfield code="a">2 v.</subfield></datafield><datafield ind1=" " ind2=" " tag="310"><subfield code="a">Daily (except Sunday)</subfield></datafield><datafield ind1="0" ind2=" " tag="362"><subfield code="a">Vol. 1, no. 1 (May 19, 1902)-v. 2, no. 157 (May 19, 1903).</subfield></datafield><datafield ind1=" " ind2=" " tag="752"><subfield code="a">United States</subfield><subfield code="b">Iowa</subfield><subfield code="c">Jasper</subfield><subfield code="d">Newton.</subfield></datafield><datafield ind1="0" ind2="0" tag="785"><subfield code="t">Newton news</subfield><subfield code="w">(DLC)sn 85049780</subfield></datafield></record>